@article{zhang2016colorful,
  title={Colorful Image Colorization},
  author={Zhang, Richard and Isola, Phillip and Efros, Alexei A},
  journal={arXiv preprint arXiv:1603.08511},
  year={2016}
}
@inproceedings{grochow2004style,
	  title={Style-based inverse kinematics},
	    author={Grochow, Keith and Martin, Steven L and Hertzmann, Aaron and Popovi{\'c}, Zoran},
	      booktitle={ACM transactions on graphics (TOG)},
	        volume={23},
		  number={3},
		    pages={522--531},
		      year={2004},
		        organization={ACM}
}
@inproceedings{barbivc2004segmenting,
	  title={Segmenting motion capture data into distinct behaviors},
	    author={Barbi{\v{c}}, Jernej and Safonova, Alla and Pan, Jia-Yu and Faloutsos, Christos and Hodgins, Jessica K and Pollard, Nancy S},
	      booktitle={Proceedings of Graphics Interface 2004},
	        pages={185--194},
		  year={2004},
		    organization={Canadian Human-Computer Communications Society}
}
@phdthesis{matusik2003data,
         title={A data-driven reflectance model},
   author={Matusik, Wojciech},
  year={2003},
  school={Citeseer}
}
